<?xml version="1.0" encoding="UTF-8"?><record xmlns="http://www.loc.gov/MARC21/slim" xmlns:cinclude="http://apache.org/cocoon/include/1.0" xmlns:zs="http://www.loc.gov/zing/srw/">
  <leader>01443cz  a2200277n  4500</leader>
  <controlfield tag="001">no 97038721 </controlfield>
  <controlfield tag="003">DLC</controlfield>
  <controlfield tag="005">19990609144054.1</controlfield>
  <controlfield tag="008">970625n| acaaaaaa|          |a ana     c</controlfield>
  <datafield tag="010" ind1=" " ind2=" ">
    <subfield code="a">no 97038721 </subfield>
  </datafield>
  <datafield tag="035" ind1=" " ind2=" ">
    <subfield code="a">(OCoLC)oca04373101 </subfield>
  </datafield>
  <datafield tag="040" ind1=" " ind2=" ">
    <subfield code="a">ICU</subfield>
    <subfield code="c">ICU</subfield>
    <subfield code="d">DLC</subfield>
  </datafield>
  <datafield tag="130" ind1=" " ind2="0">
    <subfield code="a">Musique-images-instruments</subfield>
  </datafield>
  <datafield tag="410" ind1="2" ind2="0">
    <subfield code="a">Laboratoire d'organologie et d'iconographie musicale.</subfield>
    <subfield code="t">Musique-images-instruments</subfield>
  </datafield>
  <datafield tag="410" ind1="2" ind2=" ">
    <subfield code="a">Institut de recherche sur le patrimoine musical en France.</subfield>
    <subfield code="t">Musique-images-instruments</subfield>
  </datafield>
  <datafield tag="410" ind1="2" ind2=" ">
    <subfield code="a">Equipe d'organologie et d'iconographie musicale.</subfield>
    <subfield code="t">Musique-images-instruments</subfield>
  </datafield>
  <datafield tag="642" ind1=" " ind2=" ">
    <subfield code="a">no 3</subfield>
    <subfield code="5">DLC</subfield>
  </datafield>
  <datafield tag="642" ind1=" " ind2=" ">
    <subfield code="a">no. 1</subfield>
    <subfield code="5">ICU</subfield>
  </datafield>
  <datafield tag="643" ind1=" " ind2=" ">
    <subfield code="a">Paris</subfield>
    <subfield code="b">Klincksieck</subfield>
  </datafield>
  <datafield tag="644" ind1=" " ind2=" ">
    <subfield code="a">f</subfield>
    <subfield code="5">DLC</subfield>
    <subfield code="5">ICU</subfield>
  </datafield>
  <datafield tag="645" ind1=" " ind2=" ">
    <subfield code="a">t</subfield>
    <subfield code="5">DLC</subfield>
    <subfield code="5">ICU</subfield>
  </datafield>
  <datafield tag="646" ind1=" " ind2=" ">
    <subfield code="a">s</subfield>
    <subfield code="5">DLC</subfield>
    <subfield code="5">ICU</subfield>
  </datafield>
  <datafield tag="667" ind1=" " ind2=" ">
    <subfield code="a">Subtitle: Revue française d'organologie et d'iconographie musicale</subfield>
  </datafield>
  <datafield tag="667" ind1=" " ind2=" ">
    <subfield code="a">Issued by: Laboratoire d'organologie et d'iconographie musicale</subfield>
  </datafield>
  <datafield tag="670" ind1=" " ind2=" ">
    <subfield code="a">Innovations et traditions dans la vie musicale française au XIXe siècle, 1995:</subfield>
    <subfield code="b">t.p. (Musique-images-instruments-CNRS)</subfield>
  </datafield>
  <datafield tag="670" ind1=" " ind2=" ">
    <subfield code="a">Nouveaux timbres, nouvelle sensibilité au XVIIIe siècle, c1998:</subfield>
    <subfield code="b">t.p. (Musique-images-instruments; publiée par l'Institut de recherche sur le patrimoine musical en France; at head of title: Institut de recherche sur le patrimoine musical en France, Unité mixte de recherche no 200 CNRS-Ministère de la culture, Equipe d'organologie et d'iconographie musicale)</subfield>
  </datafield>
</record>